@article{tahir2015parameter,
  title={Parameter induction in continuous univariate distributions: Well-established G families},
  author={Tahir, Muhammad H and Nadarajah, Saralees},
  journal={Anais da Academia Brasileira de Ci{\^e}ncias},
  volume={87},
  pages={539--568},
  year={2015},
  publisher={SciELO Brasil}
}

@article{marshall1997new,
  title={A new method for adding a parameter to a family of distributions with application to the exponential and Weibull families},
  author={Marshall, Albert W and Olkin, Ingram},
  journal={Biometrika},
  volume={84},
  number={3},
  pages={641--652},
  year={1997},
  publisher={Oxford University Press}
}

@article{zografos2009families,
  title={On families of beta-and generalized gamma-generated distributions and associated inference},
  author={Zografos, Konstantinos and Balakrishnan, Narayanaswamy},
  journal={Statistical methodology},
  volume={6},
  number={4},
  pages={344--362},
  year={2009},
  publisher={Elsevier}
}

@article{eugene2002beta,
  title={Beta-normal distribution and its applications},
  author={Eugene, Nicholas and Lee, Carl and Famoye, Felix},
  journal={Communications in Statistics-Theory and methods},
  volume={31},
  number={4},
  pages={497--512},
  year={2002},
  publisher={Taylor \& Francis}
}

@article{marinho2019adequacymodel,
  title={AdequacyModel: An R package for probability distributions and general purpose optimization},
  author={Marinho, Pedro Rafael D and Silva, Rodrigo B and Bourguignon, Marcelo and Cordeiro, Gauss M and Nadarajah, Saralees},
  journal={PloS one},
  volume={14},
  number={8},
  pages={e0221487},
  year={2019},
  publisher={Public Library of Science San Francisco, CA USA}
}

@Manual{rlang,
    title = {R: A Language and Environment for Statistical Computing},
    author = {{R Core Team}},
    organization = {R Foundation for Statistical Computing},
    address = {Vienna, Austria},
    year = {2022},
    url = {https://www.R-project.org/},
}

@article{cordeiro2010kumaraswamy,
  title={The Kumaraswamy Weibull distribution with application to failure data},
  author={Cordeiro, Gauss M and Ortega, Edwin MM and Nadarajah, Saralees},
  journal={Journal of the Franklin Institute},
  volume={347},
  number={8},
  pages={1399--1429},
  year={2010},
  publisher={Elsevier}
}

@article{ahmad2017marshall,
  title={On Marshall-Olkin Extended Weibull Distribution.},
  author={Ahmad, Hanan Haj and Bdair, Omar M and Ahsanullah, Mohammad},
  journal={J. Stat. Theory Appl.},
  volume={16},
  number={1},
  pages={1--17},
  year={2017}
}

@article{mudholkar1993exponentiated,
  title={Exponentiated Weibull family for analyzing bathtub failure-rate data},
  author={Mudholkar, Govind S and Srivastava, Deo Kumar},
  journal={IEEE transactions on reliability},
  volume={42},
  number={2},
  pages={299--302},
  year={1993},
  publisher={IEEE}
}

@article{oguntunde_exponentiated_2015,
	title = {On the {Exponentiated} {Generalized} {Weibull} {Distribution}: {A} {Generalization} of the {Weibull} {Distribution}},
	volume = {8},
	issn = {0974-5645, 0974-6846},
	shorttitle = {On the {Exponentiated} {Generalized} {Weibull} {Distribution}},
	url = {https://indjst.org/articles/on-the-exponentiated-generalized-weibull-distribution-a-generalization-of-the-weibull-distribution},
	doi = {10.17485/ijst/2015/v8i35/67611},
	number = {35},
	urldate = {2022-05-30},
	journal = {Indian Journal of Science and Technology},
	author = {Oguntunde, P. E. and Odetunmibi, O. A. and Adejumo, A. O.},
	month = dec,
	year = {2015},
	file = {Texto completo:/home/prdm0/Zotero/storage/A2HR4ZJG/Oguntunde et al. - 2015 - On the Exponentiated Generalized Weibull Distribut.pdf:application/pdf},
}

@article{belisle_convergence_1992,
	title = {Convergence theorems for a class of simulated annealing algorithms on ℝ $^{\textrm{ \textit{d} }}$},
	volume = {29},
	issn = {0021-9002, 1475-6072},
	url = {https://www.cambridge.org/core/product/identifier/S002190020004376X/type/journal_article},
	doi = {10.2307/3214721},
	abstract = {We study a class of simulated annealing algorithms for global minimization of a continuous function defined on a subset of
              
              We consider the case where the selection Markov kernel is absolutely continuous and has a density which is uniformly bounded away from 0. This class includes certain simulated annealing algorithms recently introduced by various authors. We show that, under mild conditions, the sequence of states generated by these algorithms converges in probability to the global minimum of the function. Unlike most previous studies where the cooling schedule is deterministic, our cooling schedule is allowed to be adaptive. We also address the issue of almost sure convergence versus convergence in probability.},
	language = {en},
	number = {4},
	urldate = {2022-05-30},
	journal = {Journal of Applied Probability},
	author = {Bélisle, Claude J. P.},
	month = dec,
	year = {1992},
	pages = {885--895},
}

@article{barreto-souza_general_2013,
	title = {General results for the {Marshall} and {Olkin}'s family of distributions},
	volume = {85},
	issn = {0001-3765},
	url = {http://www.scielo.br/scielo.php?script=sci_arttext&pid=S0001-37652013000100003&lng=en&tlng=en},
	doi = {10.1590/S0001-37652013000100002},
	abstract = {Abstract Marshall and Olkin (1997) introduced an interesting method of adding a parameter to a well-established distribution. However, they did not investigate general mathematical properties of their family of distributions. We provide for this family of distributions general expansions for the density function, explicit expressions for the moments and moments of the order statistics. Several especial models are investigated. We discuss estimation of the model parameters. An application to a real data set is presented for illustrative purposes.
          , 
            Marshall and Olkin (1997)introduziram um método interessante de adicionar um parâmetro a uma distribuição especificada para obter uma família ampla de distribuições. Entretanto, eles não investigaram propriedades matemáticas gerais dessa família. Nós deduzimos para essa classe de distribuições, expansões gerais para a função densidade, expressões explícitas para os momentos e momentos das estatísticas de ordem. Vários modelos especiais são investigados. Nós discutimos a estimação dos parâmetros do modelo. Uma aplicação de um conjunto de dados reais é apresentada para fins ilustrativos.},
	number = {1},
	urldate = {2022-05-30},
	journal = {Anais da Academia Brasileira de Ciências},
	author = {Barreto-Souza, Wagner and Lemonte, Artur J. and Cordeiro, Gauss M.},
	month = mar,
	year = {2013},
	pages = {3--21},
	file = {Texto completo:/home/prdm0/Zotero/storage/3SMDS32U/Barreto-Souza et al. - 2013 - General results for the Marshall and Olkin's famil.pdf:application/pdf},
}

@article{castellares_new_2015,
	title = {A new generalized {Weibull} distribution generated by gamma random variables},
	volume = {23},
	issn = {1110256X},
	url = {https://linkinghub.elsevier.com/retrieve/pii/S1110256X14000467},
	doi = {10.1016/j.joems.2014.03.009},
	language = {en},
	number = {2},
	urldate = {2022-05-30},
	journal = {Journal of the Egyptian Mathematical Society},
	author = {Castellares, Fredy and Lemonte, Artur J.},
	month = jul,
	year = {2015},
	pages = {382--390},
}

@book{gradshteyn2014table,
  title={Table of integrals, series, and products},
  author={Gradshteyn, Izrail Solomonovich and Ryzhik, Iosif Moiseevich},
  year={2014},
  publisher={Academic press}
}